%% This BibTeX bibliography file was created using BibDesk.
%% http://bibdesk.sourceforge.net/


%% Created for Eric Anderson at 2014-03-28 13:33:20 -0700 


%% Saved with string encoding Unicode (UTF-8) 



@article{Duc&Tur2012,
	Author = {Pierre Duchesne and Julie Turgeon},
	Date-Added = {2014-03-28 19:32:54 +0000},
	Date-Modified = {2014-03-28 19:32:54 +0000},
	Journal = {J Hered},
	Pages = {734--43},
	Title = {FLOCK provides reliable solutions to the "number of populations" problem},
	Volume = {103},
	Year = {2012}}

@incollection{Anderson2009PGAC,
	Address = {New York},
	Author = {Anderson, E C},
	Booktitle = {Population genetics for animal conservation},
	Date-Added = {2014-03-28 19:05:56 +0000},
	Date-Modified = {2014-03-28 19:05:56 +0000},
	Editor = {Bertorelle, G and Bruford, M W and Hauffe, H and Rizzoli, A and Vernesi, C},
	Pages = {25-41},
	Publisher = {Cambridge University Press},
	Title = {Statistical methods for identifying hybrids and groups},
	Year = {2009}}

@article{Coranderetal2004,
	Author = {Corander, J. and Waldmann, P. and Marttinen, P. and Sillanpaa, M. J.},
	Date-Added = {2014-03-28 19:00:13 +0000},
	Date-Modified = {2014-03-28 19:00:13 +0000},
	Journal = {Bioinformatics},
	Pages = {2363-2369},
	Title = {{BAPS 2: enhanced possibilities for the analysis of genetic population structure}},
	Volume = {20},
	Year = {2004}}

@article{Wil&Ran2003,
	Author = {Wilson, G A and Rannala, B},
	Date-Added = {2014-03-28 18:57:55 +0000},
	Date-Modified = {2014-03-28 18:57:55 +0000},
	Journal = {Genetics},
	Pages = {1177--1191},
	Title = {{Bayesian inference of recent migration rates using multilocus genotypes}},
	Volume = {163},
	Year = {2003}}

@article{And&Tho2002,
	Author = {Anderson, E C and Thompson, E A},
	Date-Added = {2014-03-28 18:57:26 +0000},
	Date-Modified = {2014-03-28 18:57:26 +0000},
	Journal = {Genetics},
	Pages = {1217--1229},
	Title = {{A model-based method for identifying species hybrids using multilocus genetic data}},
	Volume = {160},
	Year = {2002}}

@article{Smouseetal1990,
	Author = {Smouse, P E and Waples, R S and Tworek, J A},
	Date-Added = {2014-03-28 18:55:45 +0000},
	Date-Modified = {2014-03-28 18:55:45 +0000},
	Journal = {Canadian Journal of Fisheries and Aquatic Science},
	Pages = {620--634},
	Title = {{A genetic mixture analysis for use with incomplete source population data}},
	Volume = {47},
	Year = {1990}}

@article{Duc&Tur2009,
	Author = {P Duchesne and J Turgeon},
	Date-Added = {2014-03-28 16:57:18 +0000},
	Date-Modified = {2014-03-28 16:57:18 +0000},
	Journal = {Molecular Ecology Resources},
	Pages = {1333--44},
	Title = {FLOCK: a method for quick mapping of admixture without source samples},
	Volume = {9},
	Year = {2009}}

@article{Pritchardetal2000,
	Author = {Pritchard, J K and Stephens, M and Donnelly, P},
	Journal = {Genetics},
	Pages = {945--959},
	Title = {{Inference of population structure using multilocus genotype data}},
	Volume = {155},
	Year = {2000}}
